@book{casella2002statistical,
  title={Statistical Inference},
  author={Casella, George and Berger, Roger L},
  year={2002},
  publisher={Duxbury}
}

@book{gelman2003bayesian,
  title={Bayesian data analysis},
  author={Gelman, Andrew and Carlin, John B and Stern, Hal S and Rubin, Donald B},
  year={2003},
  publisher={CRC press}
}

